@inproceedings{han2014speech,
	title={Speech emotion recognition using deep neural network and extreme learning machine},
	author={Han, Kun and Yu, Dong and Tashev, Ivan},
	booktitle={Fifteenth annual conference of the international speech communication association},
	year={2014}
}
@inproceedings{trigeorgis2016adieu,
	title={Adieu features? end-to-end speech emotion recognition using a deep convolutional recurrent network},
	author={Trigeorgis, George and Ringeval, Fabien and Brueckner, Raymond and Marchi, Erik and Nicolaou, Mihalis A and Schuller, Bj{\"o}rn and Zafeiriou, Stefanos},
	booktitle={Acoustics, Speech and Signal Processing (ICASSP), 2016 IEEE International Conference on},
	pages={5200--5204},
	year={2016},
	organization={IEEE}
}
@inproceedings{mower2009interpreting,
	title={Interpreting ambiguous emotional expressions},
	author={Mower, Emily and Metallinou, Angeliki and Lee, Chi-Chun and Kazemzadeh, Abe and Busso, Carlos and Lee, Sungbok and Narayanan, Shrikanth},
	booktitle={Affective Computing and Intelligent Interaction and Workshops, 2009. ACII 2009. 3rd International Conference on},
	pages={1--8},
	year={2009},
	organization={IEEE}
}
@inproceedings{chao2016long,
	title={Long short term memory recurrent neural network based encoding method for emotion recognition in video},
	author={Chao, Linlin and Tao, Jianhua and Yang, Minghao and Li, Ya and Wen, Zhengqi},
	booktitle={Acoustics, Speech and Signal Processing (ICASSP), 2016 IEEE International Conference on},
	pages={2752--2756},
	year={2016},
	organization={IEEE}
}
@inproceedings{schroff2015facenet,
	title={Facenet: A unified embedding for face recognition and clustering},
	author={Schroff, Florian and Kalenichenko, Dmitry and Philbin, James},
	booktitle={Proceedings of the IEEE conference on computer vision and pattern recognition},
	pages={815--823},
	year={2015}
}
@inproceedings{wen2016discriminative,
	title={A discriminative feature learning approach for deep face recognition},
	author={Wen, Yandong and Zhang, Kaipeng and Li, Zhifeng and Qiao, Yu},
	booktitle={European Conference on Computer Vision},
	pages={499--515},
	year={2016},
	organization={Springer}
}
@inproceedings{He2015Delving,
	title={Delving Deep into Rectifiers: Surpassing Human-Level Performance on ImageNet Classification},
	author={He, Kaiming and Zhang, Xiangyu and Ren, Shaoqing and Sun, Jian},
	booktitle={IEEE International Conference on Computer Vision},
	pages={1026-1034},
	year={2015},
}


