@InProceedings{C2,
  author = 	 "Jones, C.D. and Smith, A.B. and Roberts, E.F.",
  title =        "Article Title",
  booktitle =        "Proceedings Title",
  organization = "IEEE",
  year = 	 "2003",
  volume = 	 "II",
  pages = 	 "803-806"
}
@inproceedings{han2014speech,
	title={Speech emotion recognition using deep neural network and extreme learning machine},
	author={Han, K. and Yu, D. and Tashev, I.},
	booktitle={Fifteenth annual conference of the international speech communication association},
	year={2014}
}
@inproceedings{trigeorgis2016adieu,
	title={Adieu features? end-to-end speech emotion recognition using a deep convolutional recurrent network},
	author={Trigeorgis, G. and Ringeval, F. and Brueckner, R. and Marchi, E. and Nicolaou, M. A. and Schuller, B. and Zafeiriou, S.},
	booktitle={2016 IEEE International Conference on Acoustics, Speech and Signal Processing (ICASSP)},
	pages={5200--5204},
	%year={2016},
	organization={IEEE}
}
@inproceedings{mower2009interpreting,
	title={Interpreting ambiguous emotional expressions},
	author={Mower, E. and Metallinou, A. and Lee, C. and Kazemzadeh, A. and Busso, C. and Lee, S. and Narayanan, S.},
	booktitle={Affective Computing and Intelligent Interaction and Workshops, 2009. ACII 2009. 3rd International Conference on},
	pages={1--8},
	%year={2009},
	organization={IEEE}
}
@inproceedings{chao2016long,
	title={Long short term memory recurrent neural network based encoding method for emotion recognition in video},
	author={Chao, L. and Tao, J. and Yang, M. and Li, Y. and Wen, Z.},
	booktitle={2016 IEEE International Conference on Acoustics, Speech and Signal Processing (ICASSP)},
	pages={2752--2756},
	%year={2016},
	organization={IEEE}
}
@inproceedings{schroff2015facenet,
	title={Facenet: A unified embedding for face recognition and clustering},
	author={Schroff, F. and Kalenichenko, D. and Philbin, J.},
	booktitle={Proceedings of the IEEE conference on computer vision and pattern recognition},
	pages={815--823},
	year={2015}
}
@inproceedings{wen2016discriminative,
	title={A discriminative feature learning approach for deep face recognition},
	author={Wen, Y. and Zhang, K. and Li, Z. and Qiao, Y.},
	booktitle={European Conference on Computer Vision},
	pages={499--515},
	year={2016},
	organization={Springer}
}
@inproceedings{He2015Delving,
	title={Delving Deep into Rectifiers: Surpassing Human-Level Performance on ImageNet Classification},
	author={He, K. and Zhang, X. and Ren, S. and Sun, J.},
	booktitle={IEEE International Conference on Computer Vision},
	pages={1026-1034},
	year={2015},
}
@inproceedings{He2015Deep,
	title={Deep residual learning for image recognition},
	author={He, K. and Zhang, X. and Ren, S. and Sun, J.},
	booktitle={Proceedings of the IEEE conference on computer vision and pattern recognition},
	pages={770--778},
	year={2016}
}
