@Article{Lamp86,
  author =       "A.B. Smith and C.D. Jones and E.F. Roberts",
  title =        "Article Title",
  journal = 	 "Journal",
  year = 	 "1920",
  volume = 	 "62",
  pages = 	 "291-294",
  month = 	 "January"
}

@article{el2011survey,
	title={Survey on speech emotion recognition: Features, classification schemes, and databases},
	author={El Ayadi, M. and Kamel, M. S. and Karray, F.},
	journal={Pattern Recognition},
	volume={44},
	number={3},
	pages={572--587},
	year={2011},
	publisher={Elsevier}
}
@article{bengio2013representation,
	title={Representation learning: A review and new perspectives},
	author={Bengio, Y. and Courville, A. and Vincent, P.},
	journal={IEEE transactions on pattern analysis and machine intelligence},
	volume={35},
	number={8},
	pages={1798--1828},
	year={2013},
	publisher={IEEE}
}
@article{lecun2015deep,
	title={Deep learning},
	author={LeCun, Y. and Bengio, Y. and Hinton, G.},
	journal={nature},
	volume={521},
	number={7553},
	pages={436},
	year={2015},
	publisher={Nature Publishing Group}
}
@article{lee2015high,
	title={High-level feature representation using recurrent neural network for speech emotion recognition},
	author={Lee, J. and Tashev, I.},
	year={2015}
}
@article{satt2017efficient,
	title={Efficient emotion recognition from speech using deep learning on spectrograms},
	author={Satt, A. and Rozenberg, S. and Hoory, R.},
	journal={Proc. Interspeech 2017},
	pages={1089--1093},
	%year={2017}
}
@article{lian2018pairwise,
	title={A pairwise discriminative task for speech emotion recognition},
	author={Lian, Z. and Li, Y. and Tao, J. and Huang, J.},
	journal={arXiv preprint arXiv:1801.01237},
	year={2018}
}
@article{huang2018speech,
	title={Speech Emotion Recognition from Variable-Length Inputs with Triplet Loss Function},
	author={Huang, J. and Li, Y. and Tao, J. and Lian, Z.},
	journal={Proc. Interspeech 2018},
	pages={3673--3677},
	%year={2018}
}
@article{Cho2014Learning,
	title={Learning Phrase Representations using RNN Encoder-Decoder for Statistical Machine Translation},
	author={Cho, K. and Van Merrienboer, B. and Gulcehre, C.r and Bahdanau, D. and Bougares, F. and Schwenk, H. and Bengio, Y.},
	journal={Computer Science},
	year={2014},
}

@article{kingma2014adam,
	title={Adam: A method for stochastic optimization},
	author={Kingma, D. P. and Ba, J.},
	journal={arXiv preprint arXiv:1412.6980},
	year={2014}
}
@article{simonyan2014very,
	title={Very deep convolutional networks for large-scale image recognition},
	author={Simonyan, K. and Zisserman, A.},
	journal={arXiv preprint arXiv:1409.1556},
	year={2014}
}
@article{busso2008iemocap,
	title={IEMOCAP: Interactive emotional dyadic motion capture database},
	author={Busso, C. and Bulut, M. and Lee, C. and Kazemzadeh, A. and Mower, E. and Kim, S. and Chang, J. N. and Lee, S. and Narayanan, S. S.},
	journal={Language resources and evaluation},
	volume={42},
	number={4},
	pages={335},
	year={2008},
	publisher={Springer}
}
